@INPROCEEDINGS{Bhun2210:EdgeKeeper,
	AUTHOR="Suman Bhunia and Radu Stoleru and Amran Haroon and Mohammad Sagor and Ala
	Altaweel and Mengyuan Chao and Maxwell K Maurice and Roger Blalock",
	TITLE="{EdgeKeeper:} Resilient and Lightweight Coordination for Mobile Edge Clouds",
	BOOKTITLE="2022 IEEE 19th International Conference on Mobile Ad Hoc and Smart Systems
	(MASS) (IEEE MASS 2022)",
	ADDRESS="Denver, USA",
	DAYS="19",
	MONTH=oct,
	YEAR=2022,
	note="(acceptance rate=29.5\%)"
}

@INPROCEEDINGS{Sago2210:R,
	AUTHOR="Mohammad Sagor and Radu Stoleru and Amran Haroon and Suman Bhunia and
	Mengyuan Chao and Ala Altaweel and Maxwell K Maurice and Roger Blalock",
	TITLE="{R-Drive:} Resilient Data Storage and Sharing for Mobile Edge Clouds",
	BOOKTITLE="2022 IEEE 19th International Conference on Mobile Ad Hoc and Smart Systems
	(MASS) (IEEE MASS 2022)",
	ADDRESS="Denver, USA",
	DAYS="19",
	MONTH=oct,
	YEAR=2022,
	note="(acceptance rate=29.5\%)"
}
@InProceedings{10.1007/978-3-031-14391-5_7,
	author="Prentosito, Aversa
	and Skoczen, McKenna
	and Kahrs, Lauren
	and Bhunia, Suman",
	title="Case Study on a Session Hijacking Attack: The 2021 CVS Health Data Breach",
	booktitle="Mobile Web and Intelligent Information Systems (MobiWis)",
	year="2022",
	pages="93--105",
	note="(acceptance rate=35\%)"
}

@inproceedings{qian2022analyzing,
	title={Analyzing SocialArks Data Leak-A Brute Force Web Login Attack},
	author={Qian, Jun and Gan, Zijie and Zhang, Jie and Bhunia, Suman},
	booktitle={2022 4th International Conference on Computer Communication and the Internet (ICCCI)},
	pages={21--27},
	year={2022},
	organization={IEEE}
}
@inproceedings{nadjar2022case,
	title={A Case Study on the Multi-Vector Data Breach on Astoria},
	author={Nadjar, Jorge and Liu, Yuxuan and Salinas, Jose and Bhunia, Suman},
	booktitle={2022 4th International Conference on Computer Communication and the Internet (ICCCI)},
	pages={51--57},
	year={2022},
	organization={IEEE}
}


@inproceedings{rizkallah2022red,
	title={Red Toad, Blue Toad, Hacked Toad?},
	author={Rizkallah, Lane and Potter, Nick and Reed, Kyle and Reynolds, Dylan and Salman, Mohammed and Bhunia, Suman},
	booktitle={2022 IEEE World AI IoT Congress (AIIoT)},
	pages={379--386},
	year={2022},
	organization={IEEE},
	note="(acceptance rate=41.3\%)"
}
@inproceedings{faircloth2022study,
	title={A Study on Brute Force Attack on T-Mobile Leading to SIM-Hijacking and Identity-Theft},
	author={Faircloth, Christopher and Hartzell, Gavin and Callahan, Nathan and Bhunia, Suman},
	booktitle={2022 IEEE World AI IoT Congress (AIIoT)},
	pages={501--507},
	year={2022},
	organization={IEEE},
	note="(acceptance rate=41.3\%)"
}

@INPROCEEDINGS{Bhun2207:Case,
	AUTHOR="David Redding and Jian Ang and Suman Bhunia",
	TITLE="A Case Study of Massive {API} Scrapping: Parler Data Breach After the
	Capitol Riot",
	BOOKTITLE="7th International Conference on Smart and Sustainable Technologies 2022
	(SpliTech 2022)",
	ADDRESS="Split, Bol, Croatia",
	DAYS="4",
	MONTH=jul,
	YEAR=2022,
	note="(acceptance rate=48\%)"
}

@INPROCEEDINGS{Bhun2207:Systematic,
	AUTHOR="Alexis M Pitney and Spencer Penrod and Molly Foraker and Suman Bhunia",
	TITLE="A Systematic Review of 2021 Microsoft Exchange Data Breach Exploiting
	Multiple Vulnerabilities",
	BOOKTITLE="7th International Conference on Smart and Sustainable Technologies 2022
	(SpliTech 2022)",
	ADDRESS="Split, Bol, Croatia",
	DAYS="4",
	MONTH=jul,
	YEAR=2022,
	note="(acceptance rate=48\%)"
}

@INPROCEEDINGS{Bhun2207:Analyzing,
	AUTHOR="Karl Kiesel and Tom G Deep and Austin Flaherty and Suman Bhunia",
	TITLE="Analyzing {Multi-Vector} Ransomware Attack on Accellion File Transfer
	Appliance Server",
	BOOKTITLE="7th International Conference on Smart and Sustainable Technologies 2022
	(SpliTech 2022)",
	ADDRESS="Split, Bol, Croatia",
	DAYS="4",
	MONTH=jul,
	YEAR=2022,
	note="(acceptance rate=48\%)"
}



@inproceedings{caroscio2022analyzing,
	title={Analyzing the Ransomware Attack on DC Metropolitan Police Department by Babuk},
	author={Caroscio, Emily and Paul, Jack and Murray, John and \textbf{S. Bhunia}},
	booktitle={IEEE International Systems Conference (SysCon)},
	year={2022},
	note="(acceptance rate=67.1\%)"
}

@inproceedings{vazquez2022neighbor,
	title={Neighbor Discovery in a LoRa Assisted Multi-Transceiver Free-Space-Optical Network},
	author={Vazquez-Estrada, Jessica and \textbf{S. Bhunia} and Khan, Mahmudur and Qian, Yicheng and Huu, Nero Tran},
	booktitle={IEEE Wireless Communications and Networking Conference (WCNC)},
	year={2022}
}




@inproceedings{regis2021deep,
	title={Deep-learning assisted Cross-Layer Routing in Multi-hop Wireless Network},
	author={Regis, Paulo Alexandre and \textbf{S. Bhunia} and Patra, Amar Nath and Sengupta, Shamik},
	booktitle={2021 IEEE 7th World Forum on Internet of Things (WF-IoT)},
	pages={35--39},
	year={2021},
	organization={IEEE}
}

@inproceedings{sterle2021solarwinds,
	title={On SolarWinds Orion Platform Security Breach},
	author={Sterle, Lindsay and \textbf{S. Bhunia}},
	booktitle={2021 IEEE SmartWorld, Ubiquitous Intelligence \& Computing, Advanced \& Trusted Computing, Scalable Computing \& Communications, Internet of People and Smart City Innovation (SmartWorld/SCALCOM/UIC/ATC/IOP/SCI)},
	pages={636--641},
	year={2021},
	organization={IEEE}
}

@inproceedings{gibson2021vulnerability,
	title={Vulnerability in massive api scraping: 2021 linkedin data breach},
	author={Gibson, Brandon and Townes, Spencer and Lewis, Daniel and Bhunia, Suman},
	booktitle={2021 International Conference on Computational Science and Computational Intelligence (CSCI)},
	pages={777--782},
	year={2021},
	organization={IEEE},
	note="(acceptance rate=24\%)"
}

@inproceedings{huddleston2021vmware,
	title={How VMware Exploits Contributed to SolarWinds Supply-chain Attack},
	author={Huddleston, Josh and Ji, Pu and Bhunia, Suman and Cogan, Joel},
	booktitle={2021 International Conference on Computational Science and Computational Intelligence (CSCI)},
	pages={760--765},
	year={2021},
	organization={IEEE},
	note="(acceptance rate=24\%)"
}
@inproceedings{ba2021case,
	title={A Case Study of Credential Stuffing Attack: Canva Data Breach},
	author={Ba, Minh Hieu Nguyen and Bennett, Jacob and Gallagher, Michael and Bhunia, Suman},
	booktitle={2021 International Conference on Computational Science and Computational Intelligence (CSCI)},
	pages={735--740},
	year={2021},
	organization={IEEE},
	note="(acceptance rate=24\%)"
}
@inproceedings{rudie2021technical,
	title={Technical analysis of the nso group’s pegasus spyware},
	author={Rudie, JD and Katz, Zach and Kuhbander, Sam and Bhunia, Suman},
	booktitle={2021 International Conference on Computational Science and Computational Intelligence (CSCI)},
	pages={747--752},
	year={2021},
	organization={IEEE},
	note="(acceptance rate=24\%)"
}

@inproceedings{murthy2019machine,
	title={Machine learning-based irrigation control optimization},
	author={Murthy, Akshay and Green, Curtis and Stoleru, Radu and \textbf{S. Bhunia} and Swanson, Charles and Chaspari, Theodora},
	booktitle={Proceedings of the 6th ACM International Conference on Systems for Energy-Efficient Buildings, Cities, and Transportation},
	pages={213--222},
	year={2019}
}


@inproceedings{bhunia2017implementation,
	title={Implementation of Interface Agility for Duplex Dynamic Spectrum Access Radio Using USRP},
	author={\textbf{S. Bhunia} and Sengupta, Shamik},
	booktitle={Military Communications Conference (MILCOM)},
	pages={762--767},
	year={2017},
	organization={doi: 10.1109/MILCOM.2017.8170844}
}



@inproceedings{bhunia2017distributed,
  title={{Distributed Adaptive Beam Nulling to Mitigate Jamming in 3D UAV Mesh Networks}},
  author={ Bhunia, S. and Sengupta, S.},
  booktitle={2017 International Conference on Computing, Networking and Communications (ICNC)},
  year={2017},
  organization={IEEE},
  note="(acceptance rate 29\%)"
}

@inproceedings{regis2017enhancing,
  title={{Enhancing Performance and Longevity of Multi-radio Multi-channel HetNets through Dynamic Path-assignment}},
  author={Regis, P. A. and \textbf{S. Bhunia} and Sengupta, S.},
  booktitle={2017 International Conference on Computing, Networking and Communications (ICNC)},
  year={2017},
  organization={IEEE},
  note="(acceptance rate 29\%)"
}

@inproceedings{bhunia2016discovery,
  title={{LOS Discovery for Highly Directional Full Duplex RF/FSO Transceivers}},
  author={\textbf{S. Bhunia} and Khan, M. and Sengupta, S. and Yuksel, M.},
  booktitle={Military Communications Conference (MILCOM)},
  year={2016}
}


@inproceedings{khan2016discovery,
  title={{LOS Discovery in 3D for Highly Directional Transceivers}},
  author={Khan, M. and \textbf{S. Bhunia} and Yuksel, M. and Sengupta, S.},
  booktitle={Military Communications Conference (MILCOM)},
  year={2016}
}

@inproceedings{Regis:2016:IOC:2915371.2915384,
 author = {Regis, P. A. and \textbf{S. Bhunia} and Sengupta, S.},
 title = {{Implementation of 3D Obstacle Compliant Mobility Models for UAV Networks in Ns-3}},
 booktitle = {Proceedings of the Workshop on Ns-3},
 series = {WNS3 '16},
 year = {2016},
 isbn = {978-1-4503-4216-2},
 location = {Seattle, WA, USA},
 pages = {124--131}
}

@inproceedings{bhunia2015enhancement,
  title={{Enhancement of spectrum utilization in non-contiguous DSA with online defragmentation}},
  author={\textbf{S. Bhunia} and Behzadan, V. and Sengupta, S.},
  booktitle={Military Communications Conference, MILCOM},
  pages={432--437},
  year=2015,
  organization={IEEE}
}
@inproceedings{bhunia2015performancehpcc,
  title={{Performance of Adaptive Beam Nulling in Multihop Ad-Hoc Networks under Jamming}},
  author={\textbf{S. Bhunia} and Behzadan, V. and Regis, P.A. and Sengupta, S.},
  booktitle={High Performance Computing and Communications (HPCC), 2015 IEEE 7th International Symposium on Cyberspace Safety and Security (CSS), 2015 IEEE 12th International Conferen on Embedded Software and Systems (ICESS), 2015 IEEE 17th International Conference on},
  pages={1236--1241},
  year={2015},
  organization={IEEE},
  note={(acceptance rate=30\%)}
}


@inproceedings{bhunia2014cr,
  title={{CR-Honeynet: A Learning \& Decoy Based Sustenance Mechanism against Jamming Attack in CRN}},
  author={\textbf{S. Bhunia} and Sengupta, S. and Vazquez-Abad, F.},
  booktitle={Military Communications Conference (MILCOM), 2014 IEEE},
  pages={1173--1180},
  year={2014},
  organization={IEEE},
  note="(7 citations)"
}

@inproceedings{bhunia2014stochastic,
  title={{Stochastic model for Cognitive Radio Networks under jamming attacks and honeypot-based prevention}},
  author={\textbf{S. Bhunia} and Su, X. and Sengupta, S. and V{\'a}zquez-Abad, F.},
  booktitle={$15^{th}$ International Conference on Distributed Computing and Networking (ICDCN)},
  year={Jan 2014},
  publisher={Springer},
  note="(10 citations)"
}


@inproceedings{das2014performance,
  title={{Performance Analysis of IEEE 802.11 Rate Adaptation Algorithms Categorized Under Rate Controlling Parameters}},
  author={Das, S. and Barman, S. and \textbf{S. Bhunia}},
  booktitle={Proceedings of the 2014 International Conference on Information and Communication Technology for Competitive Strategies},
  pages={8},
  year={2014},
  organization={ACM}
}

@article{bhunia2013feasibility,
  title={Feasibility of Channel Hopping in Jamming Attack},
  author={\textbf{S. Bhunia} and Sengupta, S.},
  journal={IEEE TCSIM Newsletter},
  number={19},
  pages={2--5},
  year={2013}
}
@inproceedings{troja2013route,
  title={Route Aware Dynamic Channel Scheduling and Selection for Multi-Hop Cognitive Radio Networks},
  author={Troja, E. and  Ezirim, K. and  \textbf{S. Bhunia}},
  booktitle={ IEEE $78^{th}$ Vehicular Technology Conference, VTC 2013-Fall},
  year={2-5 September 2013},
  publisher={IEEE}
}

@inproceedings{mukhopadhyay2011study,
  title={Study of enhanced VoIP performance under congested wireless network scenarios},
  author={Mukhopadhyay, A. and Chakraborty, T. and \textbf{S. Bhunia} and Misra, I.S. and Sanyal, S.K.},
  booktitle={International Conference on Communication Systems and Networks (COMSNETS)},
  year={2011},
  organization={IEEE},
  note="(9 citations)"
}
@inproceedings{chakraborty2011analysis,
  title={Analysis and enhancement of QoS in cognitive radio network for efficient VoIP performance},
  author={Chakraborty, T. and Mukhopadhyay, A. and \textbf{S. Bhunia} and Misra, I.S. and Sanyal, S.K.},
  booktitle={World Congress on Information and Communication Technologies (WICT)},
  year={2011},
  organization={IEEE}
}
@inproceedings{mukhopadhyay2011adaptive,
  title={An Adaptive Jitter Buffer Playout Algorithm for Enhanced VoIP Performance},
  author={Mukhopadhyay, A. and Chakraborty, T. and \textbf{S. Bhunia} and Misra, I.S. and Sanyal, S.K.},
  booktitle={International Conference on Advances in Computing and Information Technology (ACITY)},
  year={2011},
  publisher={Springer}
}

@inproceedings{chakraborty2011optimizing,
  title={Optimizing VoIP Call in Diverse Network Scenarios Using State-Space Search Technique},
  author={Chakraborty, T. and Mukhopadhyay, A. and \textbf{S. Bhunia} and Misra, I.S. and Sanyal, S.K.},
  booktitle={International Conference on Advances in Computing and Information Technology (ACITY)},
  pages={231--242},
  year={2011},
  publisher={Springer}
}
@inproceedings{kundu2010comparison,
  title={Comparison of VoIP Performance over WiMAX, WLAN and WiMAX-WLAN Integrated Network Using OPNET},
  author={Kundu, A. and \textbf{S. Bhunia} and Misra, I.S. and Sanyal, S.K.},
  booktitle={International Conference on Wireless and Mobile Networks},
  year={2010},
  publisher={Springer}
}
@inproceedings{bhunia2010reducing,
  title={Reducing Hand-Off Latency in WiMAX Network Using Cross Layer Information},
  author={\textbf{S. Bhunia} and Kundu, A. and Misra, I.S. and Sanyal, S.K.},
  booktitle={International Conference on Advances in Computer Engineering (ACE)},
  pages={346--348},
  year={2010},
  organization={IEEE}
}
