@article{mneimneh2017game,
  title={A Game-Theoretic and Stochastic Survivability Mechanism against Induced Attacks in Cognitive Radio Networks},
author={ Mneimneh, S. and \textbf{S. Bhunia} and Sengupta, S. and Vazquez-Abad, F.},
  journal={in press of Elsevier Pervasive and Mobile Computing},
  year={2017},
  publisher={Elsevier},
  note="(Impact Factor: 2.366)"
}



@article{bhunia2016adaptive,
  title = "{Adaptive Beam Nulling in Multihop Ad hoc Networks Against a Jammer in Motion}",
  journal = "Elsevier Computer Networks",
  volume = "109",
  number = "",
  pages = "50 - 66",
  year = "2016",
  note = "Special issue on Recent Advances in Physical-Layer Security (Impact Factor: 1.903)",
  issn = "1389-1286",
  doi = "http://dx.doi.org/10.1016/j.comnet.2016.06.030",
  url = "http://www.sciencedirect.com/science/article/pii/S1389128616302109",
  author = "\textbf{S. Bhunia} and V. Behzadan and P. A. Regis and S. Sengupta",
}


@article{bhunia2015performance,
  title={{Performance Analysis of CR-honeynet to Prevent Jamming Attack Through Stochastic Modeling}},
  author={\textbf{S. Bhunia} and Sengupta, S. and V{\'a}zquez-Abad, F.},
  journal={Elsevier Pervasive and Mobile Computing},
  volume={21},
  pages={133--149},
  year={2015},
  publisher={Elsevier},
  note="(Impact Factor: 2.366)"
}
@article{chakraborty2012optimization,
  title={{An Optimization Technique for Improved VoIP Performance over Wireless LAN}},
  author={Chakraborty, T. and Mukhopadhyay, A. and \textbf{S. Bhunia} and Misra, I.S. and Sanyal, S.K.},
  journal={Journal of Networks},
  volume={7},
  number={3},
  pages={480--493},
  year={2012}
}
@article{bhunia2011performance,
  title={{Performance study of mobile WiMAX network with changing scenarios under different modulation and coding}},
  author={\textbf{S. Bhunia} and Misra, I.S. and Sanyal, S.K. and Kundu, A.},
  journal={Wiley International Journal of Communication Systems},
  volume={24},
  number={8},
  pages={1087--1104},
  year={2011},
  publisher={Wiley Online Library},
  note={(28 citations)}
}
@article{kundu2010voip,
  title={{VoIP} performance over broadband wireless networks under static and mobile environments},
  author={Kundu, A. and Misra, I.S. and Sanyal, S.K. and \textbf{S. Bhunia}},
  journal={International Journal of Wireless \& Mobile Networks (IJWMN) Vol},
  volume=2,
  number=4,
  year=2010,
  note="(19 citations)"
}
