@article{tmc,
  title={{LOS Directional Neighbor Discovery Using In-Band Full-Duplex Transceivers}},
  author={\textbf{S. Bhunia} and Khan, M. and Yuksel, M. and Sengupta, S.},
  journal={submitted to IEEE Transactions on Mobile Computing},
}

@article{tccn,
  title={{CR-Honeynet: A Cognitive Radio Learning and Decoy Based Sustenance Mechanism to Avoid Intelligent Jammer}},
  author={\textbf{S. Bhunia} and Miles, E. and Sengupta, S. and Vazquez-Abad, F.},
  journal={submitted to IEEE Transactions on Cognitive Communications and Networking},
}

@article{twc,
  title={{ Distributed Adaptive Beam Nulling to Mitigate Jamming in 3D UAV Mesh Networks}},
  author = "\textbf{S. Bhunia}  and P. A. Regis and S. Sengupta",
  journal={submitted to IEEE Transactions on Wireless Communication},
}

