@inproceedings{bhuniaposter,
	title={Poster: EdgeKeeper--Resilient and Lightweight Coordination for Mobile Edge Computing Systems},
	author={Bhunia, Suman and Stoleru, R and Haroon, A and Sagor, M and Altaweel, A and Chao, M and Maurice, M and Blalock, R},
	booktitle={20th ACM International Conference on Mobile Systems, Applications, and Services (ACM MobiSys)},
	year={2022}
}

@inproceedings{vazquez2022neighborsposter,
	title={Neighbor Discovery in a Multi-Transceiver Free-Space-Optical Ad Hoc Network},
	author={Vazquez-Estrada\gs, Jessica and Bhunia, Suman and Khan, Mahmudur and Qian\ug, Yicheng and Huu\ug, Nero Tran},
	booktitle={2022 IEEE 19th Annual Consumer Communications \& Networking Conference (CCNC)},
	pages={509--510},
	year={2022},
	organization={IEEE}
}
