
@mastersthesis{Pratiksha2024,
  title={{Privacy preserving peer-review reward system using Blockchain and Zero Knoledge Proof}},
  author={Shrestha, Pratiksha},
  year={2024},
  school={Miami University}
}

@mastersthesis{Campbell2024,
  title={{Blockchain based auction system for resource hiring in Medical field}},
  author={Campbell, Owen},
  year={2024},
  school={Miami University}
}



@mastersthesis{vazquez2023,
  title={{Secure Neighbor Discovery in Directional Wireless Ad Hoc Networks}},
  author={Vazquez-Estrada, Jessica },
  year={2023},
  school={Miami University}
}

@mastersthesis{Chaudhary2022,
  title={{Fairness in NIL-based NFT marketplace (NNM)}},
  author={Chaudhary, Monu},
  year={2022},
  school={Miami University}
}

@mastersthesis{perry2022,
  title={{Neural Network-Based Crossfire Attack Detection in SDN-Enabled Cellular Networks}},
  author={Perry, Nicholas},
  year={2022},
  school={Miami University}
}


@mastersthesis{famera2021,
  title={{Cross-Device Federated Intrusion Detector for Early Stage Botnet Propagation}},
  author={Famera, Angela Grace},
  year={2021},
  school={Miami University}
}


