@inproceedings{he2024zerologon,
	title={{Zerologon Explored: In-Depth Analysis and Mitigation Strategies for Microsoft's Critical Vulnerability}},
	author={ He\ug, Hongxiang and  Self\ug, Josh and  French\ug, Kleton and  Bhunia, Suman and  Salman, Mohammed and  Regis, Paulo},
	booktitle={IEEE/ACM 23rd International Symposium on Cluster, Cloud and Internet Computing Workshops (CCGridW)},
	year={2024},
	organization={IEEE},
}

@inproceedings{Stejskal2024Analyzing,
	title={{Analyzing the Impact and Implications of COMB: A Comprehensive Study of 3 Billion Breached Credentials}},
	author={ Stejskal\ug, Chloe and  Perminov\ug, Alexander and  Lester\ug, Aaron and  Bhunia, Suman and  Salman, Mohammed and  Regis, Paulo},
	booktitle={IEEE/ACM 23rd International Symposium on Cluster, Cloud and Internet Computing Workshops (CCGridW)},
	year={2024},
	organization={IEEE},
}
@inproceedings{sorn2024Exploring,
	title={{Exploring the CAM4 Data Breach: Security Vulnerabilities and Response Strategies}},
	author={Sorn\ug, Jacon and  Carroll\ug, Patrick and  Pang\ug, Zachary and  Bhunia, Suman and  Salman, Mohammed and  Regis, Paulo},
	booktitle={IEEE/ACM 23rd International Symposium on Cluster, Cloud and Internet Computing Workshops (CCGridW)},
	year={2024},
	organization={IEEE},
}


@inproceedings{beerman2023review,
	title={{A Review of Colonial Pipeline Ransomware Attack}},
	author={Beerman\ug, Jack and Berent\ug, David and Falter\ug, Zach and Bhunia, Suman},
	booktitle={2023 IEEE/ACM 23rd International Symposium on Cluster, Cloud and Internet Computing Workshops (CCGridW)},
	pages={8--15},
	year={2023},
	organization={IEEE},
	note={(acceptance rate=NA)}
}
@inproceedings{Regis:2016:IOC:2915371.2915384,
	author = {Regis, P. A. and Bhunia, Suman and Sengupta, S.},
	title = {{Implementation of 3D Obstacle Compliant Mobility Models for UAV Networks in Ns-3}},
	booktitle = {Proceedings of the Workshop on Ns-3},
	series = {WNS3 '16},
	year = {2016},
	isbn = {978-1-4503-4216-2},
	location = {Seattle, WA, USA},
	pages = {124--131}
}